@article{murdoch,
title = "Stability of binary nanocrystalline alloys against grain growth and phase separation ",
journal = "Acta Materialia ",
volume = "61",
number = "6",
pages = "2121 - 2132",
year = "2013",
note = "",
issn = "1359-6454",
doi = "http://dx.doi.org/10.1016/j.actamat.2012.12.033",
url = "http://www.sciencedirect.com/science/article/pii/S1359645412008919",
author = "Heather A. Murdoch and Christopher A. Schuh",
keywords = "Nanocrystalline alloys",
keywords = "Grain boundary segregation",
keywords = "Thermodynamic stability "
}

@article{orderedpfc,
  title = {Phase-field-crystal model for ordered crystals},
  author = {Alster, Eli and Elder, K. R. and Hoyt, Jeffrey J. and Voorhees, Peter W.},
  journal = {Phys. Rev. E},
  volume = {95},
  issue = {2},
  pages = {022105},
  numpages = {10},
  year = {2017},
  month = {Feb},
  publisher = {American Physical Society},
  doi = {10.1103/PhysRevE.95.022105},
  url = {https://link.aps.org/doi/10.1103/PhysRevE.95.022105}
}



