
%%%%%%%%%%%%%%%%%%%%
% Noise References %
%%%%%%%%%%%%%%%%%%%%

@article{Ronis,
  title = {Statistical mechanics of stationary states. VI. Hydrodynamic fluctuation theory far from equilibrium},
  author = {Ronis, David and Procaccia, Itamar and Machta, Jonathan},
  journal = {Phys. Rev. A},
  volume = {22},
  issue = {2},
  pages = {714--724},
  numpages = {0},
  year = {1980},
  month = {Aug},
  publisher = {American Physical Society},
  doi = {10.1103/PhysRevA.22.714},
  url = {http://link.aps.org/doi/10.1103/PhysRevA.22.714}
}

@article{Fox_and_Uhlenbeck,
   author = "Fox, Ronald Forrest and Uhlenbeck, George E.",
   title = "Contributions to Non‐Equilibrium Thermodynamics. I. Theory of Hydrodynamical Fluctuations",
   journal = "Physics of Fluids",
   year = "1970",
   volume = "13",
   number = "8",
   pages = "1893-1902",
   url = "http://scitation.aip.org/content/aip/journal/pof1/13/8/10.1063/1.1693183",
   doi = "http://dx.doi.org/10.1063/1.1693183"
}

@article{Lax,
  title = {Fluctuations from the Nonequilibrium Steady State},
  author = {Lax, Melvin},
  journal = {Rev. Mod. Phys.},
  volume = {32},
  issue = {1},
  pages = {25--64},
  numpages = {0},
  year = {1960},
  month = {Jan},
  publisher = {American Physical Society},
  doi = {10.1103/RevModPhys.32.25},
  url = {http://link.aps.org/doi/10.1103/RevModPhys.32.25}
}

@article{OnsagerMachlup,
  title = {Fluctuations and Irreversible Processes},
  author = {Onsager, L. and Machlup, S.},
  journal = {Phys. Rev.},
  volume = {91},
  issue = {6},
  pages = {1505--1512},
  numpages = {0},
  year = {1953},
  month = {Sep},
  publisher = {American Physical Society},
  doi = {10.1103/PhysRev.91.1505},
  url = {http://link.aps.org/doi/10.1103/PhysRev.91.1505}
}

@BOOK{Kardar,
   author = {{Kardar}, M.},
    title = "{Statistical Physics of Fields}",
booktitle = {Statistical Physics of Fields, by Mehran Kardar, pp.~424.~Cambridge University Press, .~ISBN-10: .~ISBN-13:},
     year = 2006,
    month = jun,
    pages = {424},
   adsurl = {http://adsabs.harvard.edu/abs/2006spf..book.....K},
  adsnote = {Provided by the SAO/NASA Astrophysics Data System}
}

%% DFT References

@article{RAMAKRISHNAN79,
  title = {First-principles order-parameter theory of freezing},
  author = {Ramakrishnan, T. V. and Yussouff, M.},
  journal = {Phys. Rev. B},
  volume = {19},
  issue = {5},
  pages = {2775--2794},
  numpages = {0},
  year = {1979},
  month = {Mar},
  publisher = {American Physical Society},
  doi = {10.1103/PhysRevB.19.2775},
  url = {http://link.aps.org/doi/10.1103/PhysRevB.19.2775}
}


%%%%%%%%%%%%%%%%%%%
% DDFT References %
%%%%%%%%%%%%%%%%%%%

% Marconi and Tarazoni 1999
@article{MT1999,
    author={Umberto Marini Bettolo Marconi and Pedro Tarazona},
    title={Dynamic density functional theory of fluids},
    journal={Journal of Physics: Condensed Matter},
    volume={12},
    number={8A},
    pages={A413},
    url={http://stacks.iop.org/0953-8984/12/i=8A/a=356},
    year={2000}
}
	
% Archer and Rauscher 2004
@article{AR2004,
    author={Andrew J Archer and Markus Rauscher},
    title={Dynamical density functional theory for interacting Brownian particles: stochastic or deterministic?},
    journal={Journal of Physics A: Mathematical and General},
    volume={37},
    number={40},
    pages={9325},
    url={http://stacks.iop.org/0305-4470/37/i=40/a=001},
    year={2004},
}

% Projection operator derivation of density functional theory
@article{ESPANOL09,
    author = {Pep Español and Hartmut Löwen},
    title = {Derivation of dynamical density functional theory using the projection operator technique},
    journal = {The Journal of Chemical Physics},
    volume = {131},
    number = {24},
    pages = {244101},
    year = {2009},
    doi = {10.1063/1.3266943},
    URL = {http://dx.doi.org/10.1063/1.3266943},
    eprint = {http://dx.doi.org/10.1063/1.3266943}
}

%%%%%%%%%%%%%%%%%%%%%%%%%%%%%
% Wigner-Kirkwood Expansion %
%%%%%%%%%%%%%%%%%%%%%%%%%%%%%

% Landau and Lifshitz
@incollection{LANDAU198079,
    title = "Chapter III  - The Gibbs Distribution",
    editor = "LANDAU, L.D. and LIFSHITZ, E.M. ",
    booktitle = "Statistical Physics (Third Edition, Revised and Enlarged) ",
    publisher = "Butterworth-Heinemann",
    edition = "Third Edition, Revised and Enlarged",
    address = "Oxford",
    year = "1980",
    pages = "79 - 110",
    isbn = "978-0-08-057046-4",
    doi = "https://doi.org/10.1016/B978-0-08-057046-4.50010-5",
    url = "http://www.sciencedirect.com/science/article/pii/B9780080570464500105",
    author = "L.D. LANDAU and E.M. LIFSHITZ"
}

% Wigner WK Expansion
@article{PhysRev.40.749,
    title = {On the Quantum Correction For Thermodynamic Equilibrium},
    author = {Wigner, E.},
    journal = {Phys. Rev.},
    volume = {40},
    issue = {5},
    pages = {749--759},
    numpages = {0},
    year = {1932},
    month = {Jun},
    publisher = {American Physical Society},
    doi = {10.1103/PhysRev.40.749},
    url = {https://link.aps.org/doi/10.1103/PhysRev.40.749}
}

% Kirkwood WK Expansion
@article{PhysRev.44.31,
    title = {Quantum Statistics of Almost Classical Assemblies},
    author = {Kirkwood, John G.},
    journal = {Phys. Rev.},
    volume = {44},
    issue = {1},
    pages = {31--37},
    numpages = {0},
    year = {1933},
    month = {Jul},
    publisher = {American Physical Society},
    doi = {10.1103/PhysRev.44.31},
    url = {https://link.aps.org/doi/10.1103/PhysRev.44.31}
}

% Unlenbeck and Bethe method of solving WK
@article{Uhlenbeck1936729,
    title = "The quantum theory of the non-ideal gas I. Deviations from the classical theory ",
    journal = "Physica ",
    volume = "3",
    number = "8",
    pages = "729 - 745",
    year = "1936",
    note = "",
    issn = "0031-8914",
    doi = "https://doi.org/10.1016/S0031-8914(36)80346-2",
    url = "http://www.sciencedirect.com/science/article/pii/S0031891436803462",
    author = "George E. Uhlenbeck and Erich Beth"
}

% Gibbs
@BOOK{Gibbs,
    author = {{Gibbs}, J. Willard},
    title = "{Elementary principles in statistical mechanics}",
    booktitle = "Elementary principles in statistical mechanics",
    year = 1960,
    url = {"http://hdl.handle.net/2027/mdp.39015023947321"}
}

% Kirkwood and Monroe Fusion
@article{KIRKWOOD_MONROE41,
    author = {John G. Kirkwood and Elizabeth Monroe},
    title = {Statistical Mechanics of Fusion},
    journal = {The Journal of Chemical Physics},
    volume = {9},
    number = {7},
    pages = {514-526},
    year = {1941},
    doi = {10.1063/1.1750949},
    URL = {http://dx.doi.org/10.1063/1.1750949},
    eprint = {http://dx.doi.org/10.1063/1.1750949}
}

% Original Mayer cluster expansion paper (no diagrams)
@article{MAYER41,
    author = {Joseph E. Mayer and Elliott Montroll},
    title = {Molecular Distribution},
    journal = {The Journal of Chemical Physics},
    volume = {9},
    number = {1},
    pages = {2-16},
    year = {1941},
    doi = {10.1063/1.1750822},
    URL = {http://dx.doi.org/10.1063/1.1750822},
    eprint = {http://dx.doi.org/10.1063/1.1750822}
}

@article{JAYNES57,
    title = {Information Theory and Statistical Mechanics},
    author = {Jaynes, E. T.},
    journal = {Phys. Rev.},
    volume = {106},
    issue = {4},
    pages = {620--630},
    numpages = {0},
    year = {1957},
    month = {May},
    publisher = {American Physical Society},
    doi = {10.1103/PhysRev.106.620},
    url = {https://link.aps.org/doi/10.1103/PhysRev.106.620}
}


% Hansen and McDonald : Theory of Simple Liquids

@incollection{HansenChapter2,
    title = "Chapter 2 - Statistical Mechanics ",
    editor = "Hansen, Jean-Pierre and McDonald, Ian R. ",
    booktitle = "Theory of Simple Liquids (Fourth Edition) ",
    publisher = "Academic Press",
    edition = "Fourth Edition",
    address = "Oxford",
    year = "2013",
    pages = "13 - 59",
    isbn = "978-0-12-387032-2",
    doi = "https://doi.org/10.1016/B978-0-12-387032-2.00002-7",
    url = "http://www.sciencedirect.com/science/article/pii/B9780123870322000027",
    author = "Jean-Pierre Hansen and Ian R. McDonald",
    keywords = "Phase space",
    keywords = "Phase space probability density",
    keywords = "Phase space distribution function",
    keywords = "BBGKY hierarchy",
    keywords = "Boltzmann equation",
    keywords = "Time average",
    keywords = "Ensemble average",
    keywords = "Partition function",
    keywords = "Fluctuations",
    keywords = "Compressibility",
    keywords = "Chemical potential",
    keywords = "n-Particle densities",
    keywords = "distribution functions",
    keywords = "Pair distribution function",
    keywords = "Virial equation",
    keywords = "Molecular dynamics simulation",
    keywords = "Monte Carlo simulation "
}

@incollection{HansenChapter3,
title = "Chapter 3 - Static Properties of Liquids: Thermodynamics and Structure ",
editor = "Hansen, Jean-Pierre and McDonald, Ian R. ",
booktitle = "Theory of Simple Liquids (Fourth Edition) ",
publisher = "Academic Press",
edition = "Fourth Edition",
address = "Oxford",
year = "2013",
pages = "61 - 104",
isbn = "978-0-12-387032-2",
doi = "https://doi.org/10.1016/B978-0-12-387032-2.00003-9",
url = "http://www.sciencedirect.com/science/article/pii/B9780123870322000039",
author = "Jean-Pierre Hansen and Ian R. McDonald",
keywords = "Density-density correlation function",
keywords = "Functionals and functional differentiation",
keywords = "The grand potential and its functional derivatives",
keywords = "Density functional theory",
keywords = "Direct correlation functions",
keywords = "Static structure factor",
keywords = "Ornstein–Zernike relation",
keywords = "Free energy functional",
keywords = "Density response function",
keywords = "Mayer function",
keywords = "Diagrams",
keywords = "Topological reduction",
keywords = "Virial expansion of the equation of state",
keywords = "Hard-sphere fluid",
keywords = "Binary mixtures",
keywords = "Conformal solution theory",
keywords = "Lorentz–Berthelot rules",
keywords = "Non-additive diameters "
}

@incollection{HansenChapter4,
title = "Chapter 4 - Distribution Function Theories ",
editor = "Hansen, Jean-Pierre and McDonald, Ian R. ",
booktitle = "Theory of Simple Liquids (Fourth Edition) ",
publisher = "Academic Press",
edition = "Fourth Edition",
address = "Oxford",
year = "2013",
pages = "105 - 147",
isbn = "978-0-12-387032-2",
doi = "https://doi.org/10.1016/B978-0-12-387032-2.00004-0",
url = "http://www.sciencedirect.com/science/article/pii/B9780123870322000040",
author = "Jean-Pierre Hansen and Ian R. McDonald",
keywords = "Scattering cross-section",
keywords = "Neutron",
keywords = "X-ray scattering",
keywords = "Born–Green equation",
keywords = "Superposition approximation",
keywords = "Hyper-netted chain",
keywords = "Percus–Yevick",
keywords = "mean spherical approximations",
keywords = "Bridge diagrams",
keywords = "Thermodynamic self consistency",
keywords = "Asymptotic decay of the pair correlation function "
}

@incollection{HANSEN-CH6,
title = "Chapter 6 - Inhomogeneous Fluids ",
editor = "Hansen, Jean-Pierre and McDonald, Ian R. ",
booktitle = "Theory of Simple Liquids (Fourth Edition) ",
publisher = "Academic Press",
edition = "Fourth Edition",
address = "Oxford",
year = "2013",
pages = "203 - 264",
isbn = "978-0-12-387032-2",
doi = "https://doi.org/10.1016/B978-0-12-387032-2.00006-4",
url = "http://www.sciencedirect.com/science/article/pii/B9780123870322000064",
author = "Jean-Pierre Hansen and Ian R. McDonald",
keywords = "Surface tension",
keywords = "Gibbs adsorption equation",
keywords = "Solvation force",
keywords = "Square gradient approximation",
keywords = "Liquid–vapour interface",
keywords = "Fundamental measure theory",
keywords = "Density profile",
keywords = "Layering",
keywords = "Wetting transition",
keywords = "Density functional theory of freezing",
keywords = "Porous media",
keywords = "Supercooled liquids",
keywords = "Glass transition",
keywords = "Replica method "
}

@incollection{HansenAppendixB,
title = "Appendix B: Two Theorems in Density Functional Theory ",
editor = "Hansen, Jean-Pierre and McDonald, Ian R. ",
booktitle = "Theory of Simple Liquids (Fourth Edition) ",
publisher = "Academic Press",
edition = "Fourth Edition",
address = "Oxford",
year = "2013",
pages = "587 - 589",
isbn = "978-0-12-387032-2",
doi = "https://doi.org/10.1016/B978-0-12-387032-2.00022-2",
url = "http://www.sciencedirect.com/science/article/pii/B9780123870322000222",
author = "Jean-Pierre Hansen and Ian R. McDonald"
}

%%%%%%%%%%%%%%%%%%%%%%%%%%%%%%%%%%%%%%%%%%%%%%%%%%%%%%%%%%%
%---------------- Binary PFC references ----------------- %
%%%%%%%%%%%%%%%%%%%%%%%%%%%%%%%%%%%%%%%%%%%%%%%%%%%%%%%%%%%

@article{MURDOCH13,
title = "Stability of binary nanocrystalline alloys against grain growth and
    phase separation ",
journal = "Acta Materialia ",
volume = "61",
number = "6",
pages = "2121 - 2132",
year = "2013",
note = "",
issn = "1359-6454",
doi = "http://dx.doi.org/10.1016/j.actamat.2012.12.033",
url = "http://www.sciencedirect.com/science/article/pii/S1359645412008919",
author = "Heather A. Murdoch and Christopher A. Schuh",
keywords = "Nanocrystalline alloys",
keywords = "Grain boundary segregation",
keywords = "Thermodynamic stability "
}

@article{ELDER07,
  title = {Phase-field crystal modeling and classical density functional theory of freezing},
  author = {Elder, K. R. and Provatas, Nikolas and Berry, Joel and Stefanovic, Peter and Grant, Martin},
  journal = {Phys. Rev. B},
  volume = {75},
  issue = {6},
  pages = {064107},
  numpages = {14},
  year = {2007},
  month = {Feb},
  publisher = {American Physical Society},
  doi = {10.1103/PhysRevB.75.064107},
  url = {https://link.aps.org/doi/10.1103/PhysRevB.75.064107}
}

@article{ALSTER17,
  title = {Phase-field-crystal model for ordered crystals},
  author = {Alster, Eli and Elder, K. R. and Hoyt, Jeffrey J. and Voorhees, Peter W.},
  journal = {Phys. Rev. E},
  volume = {95},
  issue = {2},
  pages = {022105},
  numpages = {10},
  year = {2017},
  month = {Feb},
  publisher = {American Physical Society},
  doi = {10.1103/PhysRevE.95.022105},
  url = {https://link.aps.org/doi/10.1103/PhysRevE.95.022105}
}

@article{GREENWOOD11,
  title = {Phase-field-crystal methodology for modeling of structural transformations},
  author = {Greenwood, Michael and Rottler, J\"org and Provatas, Nikolas},
  journal = {Phys. Rev. E},
  volume = {83},
  issue = {3},
  pages = {031601},
  numpages = {12},
  year = {2011},
  month = {Mar},
  publisher = {American Physical Society},
  doi = {10.1103/PhysRevE.83.031601},
  url = {https://link.aps.org/doi/10.1103/PhysRevE.83.031601}
}

@article{GREENWOOD10,
  title = {Free Energy Functionals for Efficient Phase Field Crystal Modeling of Structural Phase Transformations},
  author = {Greenwood, Michael and Provatas, Nikolas and Rottler, J\"org},
  journal = {Phys. Rev. Lett.},
  volume = {105},
  issue = {4},
  pages = {045702},
  numpages = {4},
  year = {2010},
  month = {Jul},
  publisher = {American Physical Society},
  doi = {10.1103/PhysRevLett.105.045702},
  url = {https://link.aps.org/doi/10.1103/PhysRevLett.105.045702}
}

