%% This BibTeX bibliography file was created using BibDesk.
%% http://bibdesk.sourceforge.net/


%% Created for Nikolas Provatas at 2017-08-24 20:13:44 -0400 


%% Saved with string encoding Unicode (UTF-8) 



@mastersthesis{SMITHMSC,
	Address = {3600 University Street, Montreal, Qu{\'e}bec, H3A2T8, Canada},
	Author = {Nathan Smith},
	Date-Added = {2017-08-24 20:33:03 +0000},
	Date-Modified = {2017-08-24 20:36:41 +0000},
	Month = {August},
	School = {McGill University, Physics Department},
	Title = {Improvements to the Binary Phase Field Crystal Theory with Applications in the Kinetics of Precipitation},
	Year = {2017}}

@article{SEYMOUR16,
	Author = {Matthew Seymour and Nikolas Provatas},
	Date-Added = {2017-08-24 19:23:40 +0000},
	Date-Modified = {2017-08-24 19:26:29 +0000},
	Journal = {Phys. Rev. B},
	Pages = {035447},
	Volume = {93},
	Year = {2016}}

@article{MKHONTA13,
	Author = {Mkhonta, S. K. and Elder, K. R. and Huang, Zhi-Feng},
	Doi = {10.1103/PhysRevLett.111.035501},
	Issue = {3},
	Journal = {Phys. Rev. Lett.},
	Month = {Jul},
	Numpages = {5},
	Pages = {035501},
	Publisher = {American Physical Society},
	Title = {Exploring the Complex World of Two-Dimensional Ordering with Three Modes},
	Url = {https://link.aps.org/doi/10.1103/PhysRevLett.111.035501},
	Volume = {111},
	Year = {2013},
	Bdsk-Url-1 = {https://link.aps.org/doi/10.1103/PhysRevLett.111.035501},
	Bdsk-Url-2 = {http://dx.doi.org/10.1103/PhysRevLett.111.035501}}

@article{LU16,
	Author = {Yanli Lu and Yingying Peng and Zheng Chen},
	Doi = {http://dx.doi.org/10.1016/j.spmi.2016.05.039},
	Issn = {0749-6036},
	Journal = {Superlattices and Microstructures},
	Keywords = {Substrate vicinal angles},
	Pages = {132 - 139},
	Title = {A binary phase field crystal study for liquid phase heteroepitaxial growth},
	Url = {http://www.sciencedirect.com/science/article/pii/S074960361630252X},
	Volume = {97},
	Year = {2016},
	Bdsk-Url-1 = {http://www.sciencedirect.com/science/article/pii/S074960361630252X},
	Bdsk-Url-2 = {http://dx.doi.org/10.1016/j.spmi.2016.05.039}}

@article{LU14,
	Author = {Yan-Li Lu and Ting-Ting Hu and Guang-Ming Lu and Zheng Chen},
	Doi = {http://dx.doi.org/10.1016/j.physb.2014.06.037},
	Issn = {0921-4526},
	Journal = {Physica B: Condensed Matter},
	Keywords = {Phase-field crystal},
	Pages = {128 - 133},
	Title = {Phase-field crystal study of segregation induced grain-boundary premelting in binary alloys},
	Url = {http://www.sciencedirect.com/science/article/pii/S0921452614005274},
	Volume = {451},
	Year = {2014},
	Bdsk-Url-1 = {http://www.sciencedirect.com/science/article/pii/S0921452614005274},
	Bdsk-Url-2 = {http://dx.doi.org/10.1016/j.physb.2014.06.037}}

@article{GREENWOOD12,
	Author = {Michael Greenwood and Chad Sinclair and Matthias Militzer},
	Doi = {http://dx.doi.org/10.1016/j.actamat.2012.06.056},
	Issn = {1359-6454},
	Journal = {Acta Materialia},
	Keywords = {Solute drag},
	Number = {16},
	Pages = {5752 - 5761},
	Title = {Phase field crystal model of solute drag},
	Url = {http://www.sciencedirect.com/science/article/pii/S1359645412004284},
	Volume = {60},
	Year = {2012},
	Bdsk-Url-1 = {http://www.sciencedirect.com/science/article/pii/S1359645412004284},
	Bdsk-Url-2 = {http://dx.doi.org/10.1016/j.actamat.2012.06.056}}

@article{STOLLE14,
	Author = {Jonathan Stolle and Nikolas Provatas},
	Doi = {http://dx.doi.org/10.1016/j.commatsci.2013.09.002},
	Issn = {0927-0256},
	Journal = {Computational Materials Science},
	Keywords = {Grain boundary segregation},
	Pages = {493 - 502},
	Title = {Characterizing solute segregation and grain boundary energy in binary alloy phase field crystal models},
	Url = {http://www.sciencedirect.com/science/article/pii/S092702561300517X},
	Volume = {81},
	Year = {2014},
	Bdsk-Url-1 = {http://www.sciencedirect.com/science/article/pii/S092702561300517X},
	Bdsk-Url-2 = {http://dx.doi.org/10.1016/j.commatsci.2013.09.002}}

@article{ELDER11_KIRKENDALL,
	Author = {K.R. Elder and K. Thornton and J.J. Hoyt},
	Doi = {10.1080/14786435.2010.506427},
	Eprint = {http://dx.doi.org/10.1080/14786435.2010.506427},
	Journal = {Philosophical Magazine},
	Number = {1},
	Pages = {151-164},
	Title = {The Kirkendall effect in the phase field crystal model},
	Url = {http://dx.doi.org/10.1080/14786435.2010.506427},
	Volume = {91},
	Year = {2011},
	Bdsk-Url-1 = {http://dx.doi.org/10.1080/14786435.2010.506427}}

@article{LU15,
	Author = {Guang-Ming Lu and Yan-Li Lu and Ting-Ting Hu and Zheng Chen},
	Doi = {http://dx.doi.org/10.1016/j.commatsci.2015.04.047},
	Issn = {0927-0256},
	Journal = {Computational Materials Science},
	Keywords = {Phase boundary migration},
	Pages = {170 - 174},
	Title = {Phase field crystal study on the phase boundary migration induced by the Kirkendall effect},
	Url = {http://www.sciencedirect.com/science/article/pii/S0927025615002931},
	Volume = {106},
	Year = {2015},
	Bdsk-Url-1 = {http://www.sciencedirect.com/science/article/pii/S0927025615002931},
	Bdsk-Url-2 = {http://dx.doi.org/10.1016/j.commatsci.2015.04.047}}

@article{ELDER10_NANOISLAND,
	Author = {K R Elder and Z-F Huang},
	Journal = {Journal of Physics: Condensed Matter},
	Number = {36},
	Pages = {364103},
	Title = {A phase field crystal study of epitaxial island formation on nanomembranes},
	Url = {http://stacks.iop.org/0953-8984/22/i=36/a=364103},
	Volume = {22},
	Year = {2010},
	Bdsk-Url-1 = {http://stacks.iop.org/0953-8984/22/i=36/a=364103}}

@article{GANAI13,
	Author = {Ganai, Nirmalendu and Saha, Arnab and Sengupta, Surajit},
	Issn = {12928941},
	Journal = {European Physical Journal E -- Soft Matter},
	Number = {8},
	Pages = {1 - 10},
	Title = {Colloidal particles in a drying suspension: A phase field crystal approach.},
	Url = {http://proxy.library.mcgill.ca/login?url=http://search.ebscohost.com/login.aspx?direct=true&db=a9h&AN=92041940},
	Volume = {36},
	Year = {2013},
	Bdsk-Url-1 = {http://proxy.library.mcgill.ca/login?url=http://search.ebscohost.com/login.aspx?direct=true&db=a9h&AN=92041940}}

@article{FALLAH13_AlCu_experiment,
	Author = {Vahid Fallah and Andreas Korinek and Nana Ofori-Opoku and Nikolas Provatas and Shahrzad Esmaeili},
	Doi = {http://dx.doi.org/10.1016/j.actamat.2013.07.015},
	Issn = {1359-6454},
	Journal = {Acta Materialia},
	Keywords = {Transmission electron microscopy},
	Number = {17},
	Pages = {6372 - 6386},
	Title = {Atomistic investigation of clustering phenomenon in the Al--Cu system: Three-dimensional phase-field crystal simulation and HRTEM/HRSTEM characterization},
	Url = {http://www.sciencedirect.com/science/article/pii/S135964541300517X},
	Volume = {61},
	Year = {2013},
	Bdsk-Url-1 = {http://www.sciencedirect.com/science/article/pii/S135964541300517X},
	Bdsk-Url-2 = {http://dx.doi.org/10.1016/j.actamat.2013.07.015}}

@article{FALLAH13,
	Author = {Vahid Fallah and Nana Ofori-Opoku and Jonathan Stolle and Nikolas Provatas and Shahrzad Esmaeili},
	Doi = {http://dx.doi.org/10.1016/j.actamat.2013.02.053},
	Issn = {1359-6454},
	Journal = {Acta Materialia},
	Keywords = {Phase transformation},
	Number = {10},
	Pages = {3653 - 3666},
	Title = {Simulation of early-stage clustering in ternary metal alloys using the phase-field crystal method},
	Url = {http://www.sciencedirect.com/science/article/pii/S1359645413001833},
	Volume = {61},
	Year = {2013},
	Bdsk-Url-1 = {http://www.sciencedirect.com/science/article/pii/S1359645413001833},
	Bdsk-Url-2 = {http://dx.doi.org/10.1016/j.actamat.2013.02.053}}

@article{FALLAH12,
	Author = {Fallah, Vahid and Stolle, Jonathan and Ofori-Opoku, Nana and Esmaeili, Shahrzad and Provatas, Nikolas},
	Doi = {10.1103/PhysRevB.86.134112},
	Issue = {13},
	Journal = {Phys. Rev. B},
	Month = {Oct},
	Numpages = {7},
	Pages = {134112},
	Publisher = {American Physical Society},
	Title = {Phase-field crystal modeling of early stage clustering and precipitation in metal alloys},
	Url = {https://link.aps.org/doi/10.1103/PhysRevB.86.134112},
	Volume = {86},
	Year = {2012},
	Bdsk-Url-1 = {https://link.aps.org/doi/10.1103/PhysRevB.86.134112},
	Bdsk-Url-2 = {http://dx.doi.org/10.1103/PhysRevB.86.134112}}

@article{HU17,
	Author = {Hu, Shi and Chen, Zheng and Xi, Wen and Peng, Ying-Ying},
	Day = {01},
	Doi = {10.1007/s10853-017-0799-x},
	Issn = {1573-4803},
	Journal = {Journal of Materials Science},
	Month = {May},
	Number = {10},
	Pages = {5641--5651},
	Title = {Phase-field-crystal study on the evolution behavior of microcracks initiated on grain boundaries under constant strain},
	Url = {http://dx.doi.org/10.1007/s10853-017-0799-x},
	Volume = {52},
	Year = {2017},
	Bdsk-Url-1 = {http://dx.doi.org/10.1007/s10853-017-0799-x}}

@article{Ronis,
	Author = {Ronis, David and Procaccia, Itamar and Machta, Jonathan},
	Doi = {10.1103/PhysRevA.22.714},
	Issue = {2},
	Journal = {Phys. Rev. A},
	Month = {Aug},
	Numpages = {0},
	Pages = {714--724},
	Publisher = {American Physical Society},
	Title = {Statistical mechanics of stationary states. VI. Hydrodynamic fluctuation theory far from equilibrium},
	Url = {http://link.aps.org/doi/10.1103/PhysRevA.22.714},
	Volume = {22},
	Year = {1980},
	Bdsk-Url-1 = {http://link.aps.org/doi/10.1103/PhysRevA.22.714},
	Bdsk-Url-2 = {http://dx.doi.org/10.1103/PhysRevA.22.714}}

@article{Fox_and_Uhlenbeck,
	Author = {Fox, Ronald Forrest and Uhlenbeck, George E.},
	Doi = {http://dx.doi.org/10.1063/1.1693183},
	Journal = {Physics of Fluids},
	Number = {8},
	Pages = {1893-1902},
	Title = {Contributions to Non‚ÄêEquilibrium Thermodynamics. I. Theory of Hydrodynamical Fluctuations},
	Url = {http://scitation.aip.org/content/aip/journal/pof1/13/8/10.1063/1.1693183},
	Volume = {13},
	Year = {1970},
	Bdsk-Url-1 = {http://scitation.aip.org/content/aip/journal/pof1/13/8/10.1063/1.1693183},
	Bdsk-Url-2 = {http://dx.doi.org/10.1063/1.1693183}}

@article{Lax,
	Author = {Lax, Melvin},
	Doi = {10.1103/RevModPhys.32.25},
	Issue = {1},
	Journal = {Rev. Mod. Phys.},
	Month = {Jan},
	Numpages = {0},
	Pages = {25--64},
	Publisher = {American Physical Society},
	Title = {Fluctuations from the Nonequilibrium Steady State},
	Url = {http://link.aps.org/doi/10.1103/RevModPhys.32.25},
	Volume = {32},
	Year = {1960},
	Bdsk-Url-1 = {http://link.aps.org/doi/10.1103/RevModPhys.32.25},
	Bdsk-Url-2 = {http://dx.doi.org/10.1103/RevModPhys.32.25}}

@article{OnsagerMachlup,
	Author = {Onsager, L. and Machlup, S.},
	Doi = {10.1103/PhysRev.91.1505},
	Issue = {6},
	Journal = {Phys. Rev.},
	Month = {Sep},
	Numpages = {0},
	Pages = {1505--1512},
	Publisher = {American Physical Society},
	Title = {Fluctuations and Irreversible Processes},
	Url = {http://link.aps.org/doi/10.1103/PhysRev.91.1505},
	Volume = {91},
	Year = {1953},
	Bdsk-Url-1 = {http://link.aps.org/doi/10.1103/PhysRev.91.1505},
	Bdsk-Url-2 = {http://dx.doi.org/10.1103/PhysRev.91.1505}}

@book{Kardar,
	Adsnote = {Provided by the SAO/NASA Astrophysics Data System},
	Adsurl = {http://adsabs.harvard.edu/abs/2006spf..book.....K},
	Author = {{Kardar}, M.},
	Booktitle = {Statistical Physics of Fields, by Mehran Kardar, pp.~424.~Cambridge University Press, .~ISBN-10: .~ISBN-13:},
	Month = jun,
	Pages = {424},
	Title = {{Statistical Physics of Fields}},
	Year = 2006}

@article{KUBO62,
	Author = {Ryogo Kubo},
	Doi = {10.1143/JPSJ.17.1100},
	Eprint = {http://dx.doi.org/10.1143/JPSJ.17.1100},
	Journal = {Journal of the Physical Society of Japan},
	Number = {7},
	Pages = {1100-1120},
	Title = {Generalized Cumulant Expansion Method},
	Url = {http://dx.doi.org/10.1143/JPSJ.17.1100},
	Volume = {17},
	Year = {1962},
	Bdsk-Url-1 = {http://dx.doi.org/10.1143/JPSJ.17.1100}}

@article{RAMAKRISHNAN79,
	Author = {Ramakrishnan, T. V. and Yussouff, M.},
	Doi = {10.1103/PhysRevB.19.2775},
	Issue = {5},
	Journal = {Phys. Rev. B},
	Month = {Mar},
	Numpages = {0},
	Pages = {2775--2794},
	Publisher = {American Physical Society},
	Title = {First-principles order-parameter theory of freezing},
	Url = {http://link.aps.org/doi/10.1103/PhysRevB.19.2775},
	Volume = {19},
	Year = {1979},
	Bdsk-Url-1 = {http://link.aps.org/doi/10.1103/PhysRevB.19.2775},
	Bdsk-Url-2 = {http://dx.doi.org/10.1103/PhysRevB.19.2775}}

@article{HANSEN69,
	Author = {Hansen, Jean-Pierre and Verlet, Loup},
	Doi = {10.1103/PhysRev.184.151},
	Issue = {1},
	Journal = {Phys. Rev.},
	Month = {Aug},
	Pages = {151--161},
	Publisher = {American Physical Society},
	Title = {Phase Transitions of the Lennard-Jones System},
	Url = {https://link.aps.org/doi/10.1103/PhysRev.184.151},
	Volume = {184},
	Year = {1969},
	Bdsk-Url-1 = {https://link.aps.org/doi/10.1103/PhysRev.184.151},
	Bdsk-Url-2 = {http://dx.doi.org/10.1103/PhysRev.184.151}}

@article{MT1999,
	Author = {Umberto Marini Bettolo Marconi and Pedro Tarazona},
	Journal = {Journal of Physics: Condensed Matter},
	Number = {8A},
	Pages = {A413},
	Title = {Dynamic density functional theory of fluids},
	Url = {http://stacks.iop.org/0953-8984/12/i=8A/a=356},
	Volume = {12},
	Year = {2000},
	Bdsk-Url-1 = {http://stacks.iop.org/0953-8984/12/i=8A/a=356}}

@article{AR2004,
	Author = {Andrew J Archer and Markus Rauscher},
	Journal = {Journal of Physics A: Mathematical and General},
	Number = {40},
	Pages = {9325},
	Title = {Dynamical density functional theory for interacting Brownian particles: stochastic or deterministic?},
	Url = {http://stacks.iop.org/0305-4470/37/i=40/a=001},
	Volume = {37},
	Year = {2004},
	Bdsk-Url-1 = {http://stacks.iop.org/0305-4470/37/i=40/a=001}}

@article{ESPANOL09,
	Author = {Pep Espa{\~n}ol and Hartmut L{\"o}wen},
	Doi = {10.1063/1.3266943},
	Eprint = {http://dx.doi.org/10.1063/1.3266943},
	Journal = {The Journal of Chemical Physics},
	Number = {24},
	Pages = {244101},
	Title = {Derivation of dynamical density functional theory using the projection operator technique},
	Url = {http://dx.doi.org/10.1063/1.3266943},
	Volume = {131},
	Year = {2009},
	Bdsk-Url-1 = {http://dx.doi.org/10.1063/1.3266943}}

@incollection{LANDAU198079,
	Address = {Oxford},
	Author = {L.D. Landau and E.M. Lifshitz},
	Booktitle = {Statistical Physics (Third Edition, Revised and Enlarged)},
	Doi = {https://doi.org/10.1016/B978-0-08-057046-4.50010-5},
	Edition = {Third Edition, Revised and Enlarged},
	Editor = {Landau, L.D. and Lifshitz, E.M.},
	Isbn = {978-0-08-057046-4},
	Pages = {79 - 110},
	Publisher = {Butterworth-Heinemann},
	Title = {Chapter III - The Gibbs Distribution},
	Url = {http://www.sciencedirect.com/science/article/pii/B9780080570464500105},
	Year = {1980},
	Bdsk-Url-1 = {http://www.sciencedirect.com/science/article/pii/B9780080570464500105},
	Bdsk-Url-2 = {https://doi.org/10.1016/B978-0-08-057046-4.50010-5}}

@article{PhysRev.40.749,
	Author = {Wigner, E.},
	Doi = {10.1103/PhysRev.40.749},
	Issue = {5},
	Journal = {Phys. Rev.},
	Month = {Jun},
	Numpages = {0},
	Pages = {749--759},
	Publisher = {American Physical Society},
	Title = {On the Quantum Correction For Thermodynamic Equilibrium},
	Url = {https://link.aps.org/doi/10.1103/PhysRev.40.749},
	Volume = {40},
	Year = {1932},
	Bdsk-Url-1 = {https://link.aps.org/doi/10.1103/PhysRev.40.749},
	Bdsk-Url-2 = {http://dx.doi.org/10.1103/PhysRev.40.749}}

@article{PhysRev.44.31,
	Author = {Kirkwood, John G.},
	Doi = {10.1103/PhysRev.44.31},
	Issue = {1},
	Journal = {Phys. Rev.},
	Month = {Jul},
	Numpages = {0},
	Pages = {31--37},
	Publisher = {American Physical Society},
	Title = {Quantum Statistics of Almost Classical Assemblies},
	Url = {https://link.aps.org/doi/10.1103/PhysRev.44.31},
	Volume = {44},
	Year = {1933},
	Bdsk-Url-1 = {https://link.aps.org/doi/10.1103/PhysRev.44.31},
	Bdsk-Url-2 = {http://dx.doi.org/10.1103/PhysRev.44.31}}

@article{Uhlenbeck1936729,
	Author = {George E. Uhlenbeck and Erich Beth},
	Doi = {https://doi.org/10.1016/S0031-8914(36)80346-2},
	Issn = {0031-8914},
	Journal = {Physica},
	Number = {8},
	Pages = {729 - 745},
	Title = {The quantum theory of the non-ideal gas I. Deviations from the classical theory},
	Url = {http://www.sciencedirect.com/science/article/pii/S0031891436803462},
	Volume = {3},
	Year = {1936},
	Bdsk-Url-1 = {http://www.sciencedirect.com/science/article/pii/S0031891436803462},
	Bdsk-Url-2 = {https://doi.org/10.1016/S0031-8914(36)80346-2}}

@book{Gibbs,
	Author = {{Gibbs}, J. Willard},
	Booktitle = {Elementary principles in statistical mechanics},
	Title = {{Elementary principles in statistical mechanics}},
	Url = {"http://hdl.handle.net/2027/mdp.39015023947321"},
	Year = 1960,
	Bdsk-Url-1 = {%22http://hdl.handle.net/2027/mdp.39015023947321%22}}

@book{KIM99,
	Adsnote = {Provided by the SAO/NASA Astrophysics Data System},
	Adsurl = {http://adsabs.harvard.edu/abs/1999gtma.book.....K},
	Author = {{Kim}, S.~K.},
	Booktitle = {Group Theoretical Methods and Applications to Molecules and Crystals, by Shoon K.~Kim, pp.~510.~ISBN 0521640628.~Cambridge, UK: Cambridge University Press, July 1999.},
	Month = jun,
	Pages = {510},
	Title = {{Group Theoretical Methods and Applications to Molecules and Crystals}},
	Year = 1999}

@article{KIRKWOOD_MONROE41,
	Author = {John G. Kirkwood and Elizabeth Monroe},
	Doi = {10.1063/1.1750949},
	Eprint = {http://dx.doi.org/10.1063/1.1750949},
	Journal = {The Journal of Chemical Physics},
	Number = {7},
	Pages = {514-526},
	Title = {Statistical Mechanics of Fusion},
	Url = {http://dx.doi.org/10.1063/1.1750949},
	Volume = {9},
	Year = {1941},
	Bdsk-Url-1 = {http://dx.doi.org/10.1063/1.1750949}}

@article{MAYER41,
	Author = {Joseph E. Mayer and Elliott Montroll},
	Doi = {10.1063/1.1750822},
	Eprint = {http://dx.doi.org/10.1063/1.1750822},
	Journal = {The Journal of Chemical Physics},
	Number = {1},
	Pages = {2-16},
	Title = {Molecular Distribution},
	Url = {http://dx.doi.org/10.1063/1.1750822},
	Volume = {9},
	Year = {1941},
	Bdsk-Url-1 = {http://dx.doi.org/10.1063/1.1750822}}

@article{JAYNES57,
	Author = {Jaynes, E. T.},
	Doi = {10.1103/PhysRev.106.620},
	Issue = {4},
	Journal = {Phys. Rev.},
	Month = {May},
	Numpages = {0},
	Pages = {620--630},
	Publisher = {American Physical Society},
	Title = {Information Theory and Statistical Mechanics},
	Url = {https://link.aps.org/doi/10.1103/PhysRev.106.620},
	Volume = {106},
	Year = {1957},
	Bdsk-Url-1 = {https://link.aps.org/doi/10.1103/PhysRev.106.620},
	Bdsk-Url-2 = {http://dx.doi.org/10.1103/PhysRev.106.620}}

@incollection{HansenChapter2,
	Address = {Oxford},
	Author = {Jean-Pierre Hansen and Ian R. McDonald},
	Booktitle = {Theory of Simple Liquids (Fourth Edition)},
	Doi = {https://doi.org/10.1016/B978-0-12-387032-2.00002-7},
	Edition = {Fourth Edition},
	Editor = {Hansen, Jean-Pierre and McDonald, Ian R.},
	Isbn = {978-0-12-387032-2},
	Pages = {13 - 59},
	Publisher = {Academic Press},
	Title = {Chapter 2 - Statistical Mechanics},
	Url = {http://www.sciencedirect.com/science/article/pii/B9780123870322000027},
	Year = {2013},
	Bdsk-Url-1 = {http://www.sciencedirect.com/science/article/pii/B9780123870322000027},
	Bdsk-Url-2 = {https://doi.org/10.1016/B978-0-12-387032-2.00002-7}}

@incollection{HansenChapter3,
	Address = {Oxford},
	Author = {Jean-Pierre Hansen and Ian R. McDonald},
	Booktitle = {Theory of Simple Liquids (Fourth Edition)},
	Doi = {https://doi.org/10.1016/B978-0-12-387032-2.00003-9},
	Edition = {Fourth Edition},
	Editor = {Hansen, Jean-Pierre and McDonald, Ian R.},
	Isbn = {978-0-12-387032-2},
	Pages = {61 - 104},
	Publisher = {Academic Press},
	Title = {Chapter 3 - Static Properties of Liquids: Thermodynamics and Structure},
	Url = {http://www.sciencedirect.com/science/article/pii/B9780123870322000039},
	Year = {2013},
	Bdsk-Url-1 = {http://www.sciencedirect.com/science/article/pii/B9780123870322000039},
	Bdsk-Url-2 = {https://doi.org/10.1016/B978-0-12-387032-2.00003-9}}

@incollection{HansenChapter4,
	Address = {Oxford},
	Author = {Jean-Pierre Hansen and Ian R. McDonald},
	Booktitle = {Theory of Simple Liquids (Fourth Edition)},
	Doi = {https://doi.org/10.1016/B978-0-12-387032-2.00004-0},
	Edition = {Fourth Edition},
	Editor = {Hansen, Jean-Pierre and McDonald, Ian R.},
	Isbn = {978-0-12-387032-2},
	Pages = {105 - 147},
	Publisher = {Academic Press},
	Title = {Chapter 4 - Distribution Function Theories},
	Url = {http://www.sciencedirect.com/science/article/pii/B9780123870322000040},
	Year = {2013},
	Bdsk-Url-1 = {http://www.sciencedirect.com/science/article/pii/B9780123870322000040},
	Bdsk-Url-2 = {https://doi.org/10.1016/B978-0-12-387032-2.00004-0}}

@incollection{HANSEN-CH6,
	Address = {Oxford},
	Author = {Jean-Pierre Hansen and Ian R. McDonald},
	Booktitle = {Theory of Simple Liquids (Fourth Edition)},
	Doi = {https://doi.org/10.1016/B978-0-12-387032-2.00006-4},
	Edition = {Fourth Edition},
	Editor = {Hansen, Jean-Pierre and McDonald, Ian R.},
	Isbn = {978-0-12-387032-2},
	Pages = {203 - 264},
	Publisher = {Academic Press},
	Title = {Chapter 6 - Inhomogeneous Fluids},
	Url = {http://www.sciencedirect.com/science/article/pii/B9780123870322000064},
	Year = {2013},
	Bdsk-Url-1 = {http://www.sciencedirect.com/science/article/pii/B9780123870322000064},
	Bdsk-Url-2 = {https://doi.org/10.1016/B978-0-12-387032-2.00006-4}}

@incollection{HansenAppendixB,
	Address = {Oxford},
	Author = {Jean-Pierre Hansen and Ian R. McDonald},
	Booktitle = {Theory of Simple Liquids (Fourth Edition)},
	Doi = {https://doi.org/10.1016/B978-0-12-387032-2.00022-2},
	Edition = {Fourth Edition},
	Editor = {Hansen, Jean-Pierre and McDonald, Ian R.},
	Isbn = {978-0-12-387032-2},
	Pages = {587 - 589},
	Publisher = {Academic Press},
	Title = {Appendix B: Two Theorems in Density Functional Theory},
	Url = {http://www.sciencedirect.com/science/article/pii/B9780123870322000222},
	Year = {2013},
	Bdsk-Url-1 = {http://www.sciencedirect.com/science/article/pii/B9780123870322000222},
	Bdsk-Url-2 = {https://doi.org/10.1016/B978-0-12-387032-2.00022-2}}

@article{MURDOCH13,
	Author = {Heather A. Murdoch and Christopher A. Schuh},
	Doi = {http://dx.doi.org/10.1016/j.actamat.2012.12.033},
	Issn = {1359-6454},
	Journal = {Acta Materialia},
	Number = {6},
	Pages = {2121 - 2132},
	Title = {Stability of binary nanocrystalline alloys against grain growth and phase separation},
	Url = {http://www.sciencedirect.com/science/article/pii/S1359645412008919},
	Volume = {61},
	Year = {2013},
	Bdsk-Url-1 = {http://www.sciencedirect.com/science/article/pii/S1359645412008919},
	Bdsk-Url-2 = {http://dx.doi.org/10.1016/j.actamat.2012.12.033}}

@article{ELDER07,
	Author = {Elder, K. R. and Provatas, Nikolas and Berry, Joel and Stefanovic, Peter and Grant, Martin},
	Doi = {10.1103/PhysRevB.75.064107},
	Issue = {6},
	Journal = {Phys. Rev. B},
	Month = {Feb},
	Numpages = {14},
	Pages = {064107},
	Publisher = {American Physical Society},
	Title = {Phase-field crystal modeling and classical density functional theory of freezing},
	Url = {https://link.aps.org/doi/10.1103/PhysRevB.75.064107},
	Volume = {75},
	Year = {2007},
	Bdsk-Url-1 = {https://link.aps.org/doi/10.1103/PhysRevB.75.064107},
	Bdsk-Url-2 = {http://dx.doi.org/10.1103/PhysRevB.75.064107}}

@article{ALSTER17,
	Author = {Alster, Eli and Elder, K. R. and Hoyt, Jeffrey J. and Voorhees, Peter W.},
	Doi = {10.1103/PhysRevE.95.022105},
	Issue = {2},
	Journal = {Phys. Rev. E},
	Month = {Feb},
	Numpages = {10},
	Pages = {022105},
	Publisher = {American Physical Society},
	Title = {Phase-field-crystal model for ordered crystals},
	Url = {https://link.aps.org/doi/10.1103/PhysRevE.95.022105},
	Volume = {95},
	Year = {2017},
	Bdsk-Url-1 = {https://link.aps.org/doi/10.1103/PhysRevE.95.022105},
	Bdsk-Url-2 = {http://dx.doi.org/10.1103/PhysRevE.95.022105}}

@article{GREENWOOD11_BINARY,
	Author = {Greenwood, Michael and Ofori-Opoku, Nana and Rottler, J\"org and Provatas, Nikolas},
	Doi = {10.1103/PhysRevB.84.064104},
	Issue = {6},
	Journal = {Phys. Rev. B},
	Month = {Aug},
	Numpages = {10},
	Pages = {064104},
	Publisher = {American Physical Society},
	Title = {Modeling structural transformations in binary alloys with phase field crystals},
	Url = {https://link.aps.org/doi/10.1103/PhysRevB.84.064104},
	Volume = {84},
	Year = {2011},
	Bdsk-Url-1 = {https://link.aps.org/doi/10.1103/PhysRevB.84.064104},
	Bdsk-Url-2 = {http://dx.doi.org/10.1103/PhysRevB.84.064104}}

@article{GREENWOOD11,
	Author = {Greenwood, Michael and Rottler, J\"org and Provatas, Nikolas},
	Doi = {10.1103/PhysRevE.83.031601},
	Issue = {3},
	Journal = {Phys. Rev. E},
	Month = {Mar},
	Numpages = {12},
	Pages = {031601},
	Publisher = {American Physical Society},
	Title = {Phase-field-crystal methodology for modeling of structural transformations},
	Url = {https://link.aps.org/doi/10.1103/PhysRevE.83.031601},
	Volume = {83},
	Year = {2011},
	Bdsk-Url-1 = {https://link.aps.org/doi/10.1103/PhysRevE.83.031601},
	Bdsk-Url-2 = {http://dx.doi.org/10.1103/PhysRevE.83.031601}}

@article{GREENWOOD10,
	Author = {Greenwood, Michael and Provatas, Nikolas and Rottler, J\"org},
	Doi = {10.1103/PhysRevLett.105.045702},
	Issue = {4},
	Journal = {Phys. Rev. Lett.},
	Month = {Jul},
	Numpages = {4},
	Pages = {045702},
	Publisher = {American Physical Society},
	Title = {Free Energy Functionals for Efficient Phase Field Crystal Modeling of Structural Phase Transformations},
	Url = {https://link.aps.org/doi/10.1103/PhysRevLett.105.045702},
	Volume = {105},
	Year = {2010},
	Bdsk-Url-1 = {https://link.aps.org/doi/10.1103/PhysRevLett.105.045702},
	Bdsk-Url-2 = {http://dx.doi.org/10.1103/PhysRevLett.105.045702}}

@article{SUBRAMANIAN93,
	Author = {Subramanian, P. R. and Perepezko, J. H.},
	Issue = {1},
	Journal = {Journal of Phase Equilibria},
	Pages = {62 - 75},
	Title = {The Ag-Cu (Silver-Copper) System},
	Volume = {14},
	Year = {1993}}

@article{LOH17,
	Author = {Loh, N. Duane and Sen, Soumyo and Bosman, Michel and Tan, Shu Fen and Zhong, Jun and Nijhuis, Christian A. and Kr{\'a}l, Petr and Matsudaira, Paul and Mirsaidov, Utkur},
	Journal = {Nat Chem},
	Month = {Jan},
	Publisher = {Nature Publishing Group},
	Title = {Multistep nucleation of nanocrystals in aqueous solution},
	Volume = {9},
	Year = {2017}}

@article{WALLACE13,
	Author = {Wallace, Adam F. and Hedges, Lester O. and Fernandez-Martinez, Alejandro and Raiteri, Paolo and Gale, Julian D. and Waychunas, Glenn A. and Whitelam, Stephen and Banfield, Jillian F. and De Yoreo, James J.},
	Doi = {10.1126/science.1230915},
	Eprint = {http://science.sciencemag.org/content/341/6148/885.full.pdf},
	Issn = {0036-8075},
	Journal = {Science},
	Number = {6148},
	Pages = {885--889},
	Publisher = {American Association for the Advancement of Science},
	Title = {Microscopic Evidence for Liquid-Liquid Separation in Supersaturated CaCO3 Solutions},
	Url = {http://science.sciencemag.org/content/341/6148/885},
	Volume = {341},
	Year = {2013},
	Bdsk-Url-1 = {http://science.sciencemag.org/content/341/6148/885},
	Bdsk-Url-2 = {http://dx.doi.org/10.1126/science.1230915}}

@article{LUTSKO13,
	Author = {James F. Lutsko and Miguel A. Dur{\'a}n-Olivencia},
	Doi = {10.1063/1.4811490},
	Eprint = {http://dx.doi.org/10.1063/1.4811490},
	Journal = {The Journal of Chemical Physics},
	Number = {24},
	Pages = {244908},
	Title = {Classical nucleation theory from a dynamical approach to nucleation},
	Url = {http://dx.doi.org/10.1063/1.4811490},
	Volume = {138},
	Year = {2013},
	Bdsk-Url-1 = {http://dx.doi.org/10.1063/1.4811490}}

@article{LUTSKO15,
	Author = {James F Lutsko and Miguel A Duran-Olivencia},
	Journal = {Journal of Physics: Condensed Matter},
	Number = {23},
	Pages = {235101},
	Title = {A two-parameter extension of classical nucleation theory},
	Url = {http://stacks.iop.org/0953-8984/27/i=23/a=235101},
	Volume = {27},
	Year = {2015},
	Bdsk-Url-1 = {http://stacks.iop.org/0953-8984/27/i=23/a=235101}}

@article{VEKILOV10,
	Author = {Vekilov, Peter G.},
	Doi = {10.1039/C0NR00628A},
	Issue = {11},
	Journal = {Nanoscale},
	Pages = {2346-2357},
	Publisher = {The Royal Society of Chemistry},
	Title = {The two-step mechanism of nucleation of crystals in solution},
	Url = {http://dx.doi.org/10.1039/C0NR00628A},
	Volume = {2},
	Year = {2010},
	Bdsk-Url-1 = {http://dx.doi.org/10.1039/C0NR00628A}}

@article{VEKILOV04,
	Author = {Vekilov, Peter G.},
	Doi = {10.1021/cg049977w},
	Eprint = {http://dx.doi.org/10.1021/cg049977w},
	Journal = {Crystal Growth \& Design},
	Number = {4},
	Pages = {671-685},
	Title = {Dense Liquid Precursor for the Nucleation of Ordered Solid Phases from Solution},
	Url = {http://dx.doi.org/10.1021/cg049977w},
	Volume = {4},
	Year = {2004},
	Bdsk-Url-1 = {http://dx.doi.org/10.1021/cg049977w}}

@book{HANNA06,
	Author = {Vehkam{\"a}ki, Hanna},
	Booktitle = {Classical Nucleation Theory in Multicomponent Systems},
	Title = {Classical Nucleation Theory in Multicomponent Systems},
	Url = {https://link.springer.com/book/10.1007%2F3-540-31218-8},
	Year = 2006,
	Bdsk-Url-1 = {https://link.springer.com/book/10.1007%2F3-540-31218-8}}

@article{MYERSON09,
	Author = {Erdemir, Deniz and Lee, Alfred Y. and Myerson, Allan S.},
	Doi = {10.1021/ar800217x},
	Eprint = {http://dx.doi.org/10.1021/ar800217x},
	Journal = {Accounts of Chemical Research},
	Note = {PMID: 19402623},
	Number = {5},
	Pages = {621-629},
	Title = {Nucleation of Crystals from Solution: Classical and Two-Step Models},
	Url = {http://dx.doi.org/10.1021/ar800217x},
	Volume = {42},
	Year = {2009},
	Bdsk-Url-1 = {http://dx.doi.org/10.1021/ar800217x}}

@article{MYERSON04,
	Author = {Knezic, Dragutin and Zaccaro, Julien and Myerson, Allan S.},
	Doi = {10.1021/jp049586s},
	Eprint = {http://dx.doi.org/10.1021/jp049586s},
	Journal = {The Journal of Physical Chemistry B},
	Number = {30},
	Pages = {10672-10677},
	Title = {Nucleation Induction Time in Levitated Droplets},
	Url = {http://dx.doi.org/10.1021/jp049586s},
	Volume = {108},
	Year = {2004},
	Bdsk-Url-1 = {http://dx.doi.org/10.1021/jp049586s}}

@article{DAVEY13,
	Author = {Davey, Roger J. and Schroeder, Sven L. M. and ter Horst, Joop H.},
	Doi = {10.1002/anie.201204824},
	Issn = {1521-3773},
	Journal = {Angewandte Chemie International Edition},
	Keywords = {crystal nucleation, crystallization processes, molecular self-association, nucleation kinetics, polymorphism},
	Number = {8},
	Pages = {2166--2179},
	Publisher = {WILEY-VCH Verlag},
	Title = {Nucleation of Organic Crystals---A Molecular Perspective},
	Url = {http://dx.doi.org/10.1002/anie.201204824},
	Volume = {52},
	Year = {2013},
	Bdsk-Url-1 = {http://dx.doi.org/10.1002/anie.201204824}}

@article{GEBAUER11,
	Author = {Denis Gebauer and Helmut C{\"o}lfen},
	Doi = {http://dx.doi.org/10.1016/j.nantod.2011.10.005},
	Issn = {1748-0132},
	Journal = {Nano Today},
	Keywords = {Prenucleation clusters},
	Number = {6},
	Pages = {564 - 584},
	Title = {Prenucleation clusters and non-classical nucleation},
	Url = {http://www.sciencedirect.com/science/article/pii/S1748013211001174},
	Volume = {6},
	Year = {2011},
	Bdsk-Url-1 = {http://www.sciencedirect.com/science/article/pii/S1748013211001174},
	Bdsk-Url-2 = {http://dx.doi.org/10.1016/j.nantod.2011.10.005}}

@misc{MAXIMAJL,
	Author = {Smith, Nathan},
	Howpublished = {\url{https://github.com/nsmith5/Maxima.jl}},
	Journal = {GitHub repository},
	Publisher = {GitHub},
	Title = {Maxima.jl},
	Version = {0.4.0},
	Year = {2017}}

@article{JULIA,
	Author = {Jeff Bezanson and Stefan Karpinski and Viral B. Shah and Alan Edelman},
	Bibsource = {dblp computer science bibliography, http://dblp.org},
	Biburl = {http://dblp.uni-trier.de/rec/bib/journals/corr/abs-1209-5145},
	Journal = {CoRR},
	Timestamp = {Wed, 07 Jun 2017 14:40:52 +0200},
	Title = {Julia: {A} Fast Dynamic Language for Technical Computing},
	Url = {http://arxiv.org/abs/1209.5145},
	Volume = {abs/1209.5145},
	Year = {2012},
	Bdsk-Url-1 = {http://arxiv.org/abs/1209.5145}}

@electronic{MAXIMA,
	Address = {http://maxima.sourceforge.net/},
	Author = {Maxima},
	Owner = {maxima},
	Timestamp = {2014.09.08},
	Title = {Maxima, a Computer Algebra System. Version 5.34.1},
	Url = {http://maxima.sourceforge.net/},
	Year = {2014},
	Bdsk-Url-1 = {http://maxima.sourceforge.net/}}
